@misc{Heroux16,
author = {Heroux, Michael A.},
title = {{Exascale Programming: Adapting What We Have Can (and Must) Work}},
url = {http://www.hpcwire.com/2016/01/14/24151/},
month = {January},
year = {2016},
note = "[Online; accessed 27-Feb-2016]",
}

@misc{Exascale-roadmap,
author = {Jack Dongarra and others},
title = {{The International Exascale Software Project Roadmap}},
url = {https://www.nersc.gov/assets/pubs\_presos/IESP-Roadmap.pdf},
note = "[Online; accessed 27-Feb-2016]",
}
%also {http://www.exascale.org/mediawiki/images/2/20/IESP\-roadmap.pdf}",

@misc{EUexascale,
author = {},
title = {{European Exascale Software Initiative, Toward Exascale Computing}},
url={http://www.eesi-project.eu/},
note = "[Online; accessed 27-Feb-2016]",
}

@misc{Exascale-org,
author = {},
title = {{International Exascale Project}},
url = {http://www.exascale.org/iesp/Main\_Page},
note = "[Online; accessed 27-Feb-2016]",
}


@conference{Bauer12,
author = {Bauer, M. and Treichler, S. and Slaughter, E. and Aiken, A.},
title = {{Legion: Expressing Locality and Independence with Logical Regions}},
booktitle = {Proceedings of the Conference on Supercomputing (SC'12)},
year = {2012}, 
OPTeditor = {},
OPTnumber = {},
OPTseries = {},
pages = {1-11},
OPTaddress = {},
OPTmonth = {November},
OPTorganization = {},
OPTpublisher = {},
OPTnote = {},
}

@conference{Bauer14,
author = {Bauer, M. and Treichler, S. and Slaughter, E. and Aiken, A.},
title = {{Structure Slicing: Extending Logical Regions with Fields}},
booktitle = {Proceedings of the Conference on Supercomputing (SC'14)},
year = {2014}, 
OPTeditor = {},
OPTnumber = {},
OPTseries = {},
pages = {845-856},
OPTaddress = {},
month = {November},
OPTorganization = {},
OPTpublisher = {},
OPTnote = {},
}


@unpublished{AikenFL,
author = {Alexander Aiken and John H. Williams and Edward L. Wimmers},
title = {The FL Project: The Design of a Functional Language},
year = {1993},
month = {September},
note = {\url{http://theory.stanford.edu/~aiken/publications/trs/FLProject.pdf}}
}

@techreport{FLreport89,
author = {John Backus and John H. Williams and Edward L. Wimmers and Peter Lucas and Alexander Aiken},
title = {{FL Language Manual, Parts 1 and 2}},
institution = {IBM Almaden Research Center Dept. K53/803},
year = {1989}, 
type = {Research Report},
number = {RJ7100},
address = {650 Harry Road, San Jose, CA 95120},
month = {October},
note = {\url{http://theory.stanford.edu/~aiken/publications/trs/RJ7100.pdf}},
}

@article{Backus:1978,
 author = {Backus, John},
 title = {Can Programming Be Liberated from the Von Neumann Style?: A Functional Style and Its Algebra of Programs},
 journal = {Commun. ACM},
 issue_date = {Aug. 1978},
 volume = {21},
 number = {8},
 month = aug,
 year = {1978},
 issn = {0001-0782},
 pages = {613--641},
 numpages = {29},
 url = {http://doi.acm.org/10.1145/359576.359579},
 doi = {10.1145/359576.359579},
 acmid = {359579},
 publisher = {ACM},
 address = {New York, NY, USA},
 keywords = {algebra of programs, applicative computing systems, applicative
                  state transition systems, combining forms, functional forms,
                  functional programming, metacomposition, models of computing
                  systems, program correctness, program termination, program
                  transformation, programming languages, von Neumann
                  computers, von Neumann languages},
} 

@conference{Davis96,
author = {Davis, Kei},
title = {{MPP Parallel Haskell}},
booktitle = {Draft Proceedings Implementation of Functional Languages (IFL '96)},
year = {1996}, 
OPTeditor = {},
number = {1268},
series = {LNCS},
pages = {49-54},
address = {Bonn/Bad-Godesberg, Germany},
OPTmonth = {},
OPTorganization = {},
publisher = {Springer-Verlag},
OPTnote = {},
}

@article{Bird84,
author = {Richard Bird},
title = {{Using Circular Programs to Eliminate Multiple Traversals of Data}},
journal = {Acta Informatica},
year = {1984}, 
volume = {21},
number = {3},
pages = {293-250},
OPTmonth = {},
OPTnote = {},
}

@conference{Johnsson87,
author = {Thomas Johnsson},
title = {{Attribute Grammars as a Functional Programming Paradigm}},
booktitle = {{Functional Programming Languages and Computer Architecture}},
year = {1987}, 
editor = {Gilles Kahn},
volume = {274},
series = {LNCS},
pages = {154-173},
OPTaddress = {},
OPTmonth = {},
OPTorganization = {},
publisher = {Springer Verlag},
note = {ISBN:0-387-18317-5},
}

@article{Hughes89,
author = {John Hughes},
title = {{Why Functional Programming Matters}},
journal = {Computer Journal},
year = {1989}, 
volume = {32},
number = {2},
pages = {98-107},
OPTmonth = {},
OPTnote = {},
}

@misc{strict-strictdata,
author = {},
title = {{The Glasgow Haskell Compiler:  Strict \& StrictData}},
url = {http://ghc.haskell.org/trac/ghc/wiki/StrictPragma/},
note = "[Online; accessed 27-Feb-2016]",
}

@misc{MPI,
  author = {{Message Passing Interface Forum}},
  title = {{MPI: A Message-Passing Interface Standard Version 3.1}},
  year = 2015,
  month = jun,
  url = {http://www.mpi-forum.org/},
}

@book{Reinders:2007,
 author = {Reinders, James},
 title = {Intel Threading Building Blocks},
 year = {2007},
 isbn = {9780596514808},
 edition = {First},
 publisher = {O'Reilly \& Associates, Inc.},
 address = {Sebastopol, CA, USA},
} 

@misc{HPX,
    author = {{The Stellar Group}},
    title = {{HPX}},
    OPTyear = 2015,
    OPTmonth = June,
    url = {http://stellar.cct.lsu.edu/projects/hpx/},
}

@book{Cesarini:2009,
 author = {Cesarini, Francesco and Thompson, Simon},
 title = {ERLANG Programming},
 year = {2009},
 isbn = {0596518188, 9780596518189},
 edition = {1st},
 publisher = {O'Reilly Media, Inc.},
} 


@Inbook{Jones:1991,
author="Jones, Simon L. Peyton
and Launchbury, John",
editor="Hughes, John",
chapter="Unboxed values as first class citizens in a non-strict functional language",
title="Functional Programming Languages and Computer Architecture: 5th ACM Conference Cambridge, MA, USA, August 26--30, 1991 Proceedings",
year="1991",
publisher="Springer Berlin Heidelberg",
address="Berlin, Heidelberg",
pages="636--666",
isbn="978-3-540-47599-6",
doi="10.1007/3540543961\_30",
url="http://dx.doi.org/10.1007/3540543961\_30"
}

 

@book{Hutton-book,
author = "Graham Hutton",
title = "{Programming in Haskell}",
publisher = "Cambridge University Press",
month = jan,
year = 2007
}

@article{Hutton-parsing:1992,
        author = "Graham Hutton",
        title = "{Higher-order Functions for Parsing}",
        journal = "Journal of Functional Programming",
        publisher = "Cambridge University Press",
        volume = 2,
        number = 3,
        pages = "323--343",
        month = jul,
        year = 1992
}

@inproceedings{Marlow:2004,
 author = {Marlow, Simon and Jones, Simon Peyton},
 title = {Making a Fast Curry: Push/Enter vs. Eval/Apply for Higher-order Languages},
 booktitle = {Proceedings of the Ninth ACM SIGPLAN International Conference on Functional Programming},
 series = {ICFP '04},
 year = {2004},
 isbn = {1-58113-905-5},
 location = {Snow Bird, UT, USA},
 pages = {4--15},
 numpages = {12},
 url = {http://doi.acm.org/10.1145/1016850.1016856},
 doi = {10.1145/1016850.1016856},
 acmid = {1016856},
 publisher = {ACM},
 address = {New York, NY, USA},
} 

@misc{ministg,
    author = {{Bernie Pope}},
    title = {{Ministg}},
    OPTyear = 2015,
    OPTmonth = June,
    url = {http://wiki.haskell.org/Ministg},
}

@misc{haskell2010report,
    author = {{Simon Marlow (ed.)}},
    title = {{Haskell 2010 Language Report}},
    OPTyear = 2015,
    OPTmonth = June,
    url = {http://www.haskell.org/onlinereport/haskell2010/},
}

@misc{haskellmode,
    OPTauthor = {{}},
    title = {{Emacs mode for Haskell}},
    OPTyear = 2015,
    OPTmonth = June,
    url = {http://github.com/haskell/haskell-mode},
}



@Article {PJ-stockhardware,
abstract     = {<p>"The Spineless Tagless G-Machine is an abstract machine designed to support
                higher-order functional languages. This presentation of the machine falls into
                three parts. Firstly we give a general discussion of the design issues involved
                in implementing non-strict functional languages. Next, we present the  STG
                language,</p>},
author       = {Peyton Jones and Simon L},
journal      = {Journal of Functional Programming},
month        = {April},
number       = {2},
pages        = {127â€“202},
publisher    = {Cambridge University Press},
title        = {Implementing Lazy Functional Languages on Stock Hardware: The Spineless Tagless
                G-machine},
url          = {http://research.microsoft.com/apps/pubs/default.aspx?id=67083},
volume       = {2},
year         = {1992},
}

@techreport{Heren02,
  author = {Bastiaan Heren and Jurriaan Hage and Doaitse Swierstra},
  title = {{Generalizing Hindley-Milner Type Inference Algorithmsa}},
  institution = {Institute of Information and Computing Sciences, Utrecht University},
  year = {2002}, 
  OPTtype = {},
  number = {Technical Report UU-CS-2002-031},
  OPTaddress = {},
  OPTmonth = {},
  url = {http://soft.vub.ac.be/~cfscholl/Capita-Selecta-2015/papers/2002\%20Heeren.pdf},
  note = {[Online; accessed 27-Feb-2016]},
}

@misc{ghc-as-library,
author = {},
title = {{GHC/As a library}},
url = {http://wiki.haskell.org/GHC/As\_a\_library},
note = "[Online; accessed 27-Feb-2016]",
}

@book{jenkins-book,
 author = {Smart, John Ferguson},
 title = {Jenkins: The Definitive Guide},
 year = {2011},
 isbn = {1449305350, 9781449305352},
 publisher = {O'Reilly Media, Inc.},
} 

@book{cmake-book,
   title = "Mastering CMake",
   author = "Martin, Ken and Hoffman, Billy",
   publisher = "Kitware Inc. cop. 2005-2007",
   address = "Clifton Park, New York",
   isbn = "1-930934-20-3",
   year = 2007
}

@article{Cheney:1970,
 author = {Cheney, C. J.},
 title = {A Nonrecursive List Compacting Algorithm},
 journal = {Commun. ACM},
 issue_date = {Nov 1970},
 volume = {13},
 number = {11},
 month = nov,
 year = {1970},
 issn = {0001-0782},
 pages = {677--678},
 numpages = {2},
 url = {http://doi.acm.org/10.1145/362790.362798},
 doi = {10.1145/362790.362798},
 acmid = {362798},
 publisher = {ACM},
 address = {New York, NY, USA},
 keywords = {LISP, compact list, garbage collection, list compacting},
} 

@inproceedings{Marlow:2008,
 author = {Marlow, Simon and Harris, Tim and James, Roshan P. and Peyton Jones, Simon},
 title = {Parallel Generational-copying Garbage Collection with a Block-structured Heap},
 booktitle = {Proceedings of the 7th International Symposium on Memory Management},
 series = {ISMM '08},
 year = {2008},
 isbn = {978-1-60558-134-7},
 location = {Tucson, AZ, USA},
 pages = {11--20},
 numpages = {10},
 url = {http://doi.acm.org/10.1145/1375634.1375637},
 doi = {10.1145/1375634.1375637},
 acmid = {1375637},
 publisher = {ACM},
 address = {New York, NY, USA},
 keywords = {parallel garbage collection},
} 

@INPROCEEDINGS{Jones91unboxedvalues,
    author = {Simon L Peyton Jones and John Launchbury},
    title = {Unboxed values as first class citizens in a non-strict functional language},
    booktitle = {Proceedings of the 5th ACM conference on Functional programming languages and computer architecture},
    year = {1991},
    pages = {636--666},
    publisher = {Springer-Verlag New York, Inc.}
}

@mastersthesis{Stewart-BSc,
author = {Don Stewart},
title = {{Multi-paradigm Just-In-Time Compilation}},
school = {The University of New South Wales},
year = {2002}, 
type = {{BSc (Computer Science) Honours Thesis}},
OPTaddress = {},
month = {Nov.},
note = {\url{http://www.cse.unsw.edu.au/~pls/thesis/dons-thesis.ps.gz}},
}

@inproceedings{Liu:2013,
 author = {Liu, Hai and Glew, Neal and Petersen, Leaf and Anderson, Todd A.},
 title = {The Intel Labs Haskell Research Compiler},
 booktitle = {Proceedings of the 2013 ACM SIGPLAN Symposium on Haskell},
 series = {Haskell '13},
 year = {2013},
 isbn = {978-1-4503-2383-3},
 location = {Boston, Massachusetts, USA},
 pages = {105--116},
 numpages = {12},
 url = {http://doi.acm.org/10.1145/2503778.2503779},
 doi = {10.1145/2503778.2503779},
 acmid = {2503779},
 publisher = {ACM},
 address = {New York, NY, USA},
 keywords = {compiler optimization, functional language compiler, haskell},
} 

@inproceedings{Petersen:2013,
 author = {Petersen, Leaf and Orchard, Dominic and Glew, Neal},
 title = {Automatic SIMD Vectorization for Haskell},
 booktitle = {Proceedings of the 18th ACM SIGPLAN International Conference on Functional Programming},
 series = {ICFP '13},
 year = {2013},
 isbn = {978-1-4503-2326-0},
 location = {Boston, Massachusetts, USA},
 pages = {25--36},
 numpages = {12},
 url = {http://doi.acm.org/10.1145/2500365.2500605},
 doi = {10.1145/2500365.2500605},
 acmid = {2500605},
 publisher = {ACM},
 address = {New York, NY, USA},
 keywords = {compiler optimization, functional languages, haskell, simd, vectorization},
} 

@techreport{NVIDIA:2013,
author = {Alexander Collins and Dominik Grewe and Vinod Grover
          and Sean Lee and Adriana Susnea},
title = {{NOVA:  A Functional Language for Data Parallelism}},
institution = {NVIDIA Corporation},
year = {2013}, 
type = {Technical Report},
number = {NVR-2013-002},
OPTaddress = {},
OPTmonth = {},
OPTnote = {},
url = {http://research.nvidia.com/publication/nova-functional-language-data-parallelism-2},
}

% A PhD thesis. 
@phdthesis{Stewart:2013,
author = {Robert Stewart},
title = {{Reliable Massively Parallel Symbolic Computing:
          Fault Tolerance for a Distributed Haskell}},
school = {Heriot Watt University},
year = {2013}, 

OPTtype = {},
OPTaddress = {},
OPTmonth = {Nov},
OPTnote = {},
}

@misc{hdph,
author = {},
title = {{Haskell distribued parallel Haskell, Control.Parallel.HdpH}},
url = {http://hackage.haskell.org/package/hdph-0.0.1/docs/Control-Parallel-HdpH.html},
note = "[Hackage, accessed 29-Mar-2016]",
}

@inproceedings{Trinder:2000,
 author = {Trinder, Philip W. and Pointon, Robert F. and Loidl, Hans-Wolfgang},
 title = {Runtime System Level Fault Tolerance for a Distributed Functional Language},
 booktitle = {Selected Papers from the 2Nd Scottish Functional Programming Workshop (SFP00)},
 year = {2000},
 isbn = {1-84150-058-5},
 pages = {103--114},
 numpages = {12},
 url = {http://dl.acm.org/citation.cfm?id=647187.719998},
 acmid = {719998},
 publisher = {Intellect Books},
 address = {Exeter, UK, UK},
} 

@misc{Sheard:2003,
author = {Tim Sheard},
title = {{A Pure Language with Default Strict Evaluation Order and Explicit Laziness}},
url = {http://web.cecs.pdx.edu/~sheard/papers/ExplicitLazy.ps},
note = "Presented at the 2003 Haskell Workshop, Uppsala, Sweden, Aug.\ 28, 2003.",
}

@misc{strict-ghc-plugin,
author = {The GHC authors},
title = {{strict-ghc-plugin: Compiler plugin for making Haskell strict}},
url = {https://hackage.haskell.org/package/strict-ghc-plugin},
OPTmonth = {},
OPTyear = {},
OPTnote = "[Online; accessed 27-March-1961]",
}

@misc{disciplined-disciple,
author = {Ben Lippmeier},
title = {{The Disciplined Disciple Compiler (DDC)}},
url = {http://trac.ouroborus.net/ddc/},
}

@misc{tying-the-knot,
OPTauthor = {{}},                
title = {{Tying the Knot}},
url = {http://wiki.haskell.org/Tying\_the\_Knot},
}

@inproceedings{Sulzmann:2007,
 author = {Sulzmann, Martin and Chakravarty, Manuel M. T. and Jones, Simon Peyton and Donnelly, Kevin},
 title = {System F with Type Equality Coercions},
 booktitle = {Proceedings of the 2007 ACM SIGPLAN International Workshop on Types in Languages Design and Implementation},
 series = {TLDI '07},
 year = {2007},
 isbn = {1-59593-393-X},
 location = {Nice, France},
 pages = {53--66},
 numpages = {14},
 url = {http://doi.acm.org/10.1145/1190315.1190324},
 doi = {10.1145/1190315.1190324},
 acmid = {1190324},
 publisher = {ACM},
 address = {New York, NY, USA},
 keywords = {advanced type features, typed intermediate language},
} 

@misc{ghc-core,
author = {Andrew Tolmach and Tim Chevalier and The GHC Team},                  
title = {{An External Representation for the GHC Core Language (For GHC 6.10)}},
url = {http://downloads.haskell.org/~ghc/7.8.1/docs/html/users\_guide/an-external-representation-for-the-ghc-core-language-for-ghc-6.10.html},
}

@inproceedings{Harris:2005,
 author = {Harris, Tim and Marlow, Simon and Jones, Simon Peyton},
 title = {Haskell on a Shared-memory Multiprocessor},
 booktitle = {Proceedings of the 2005 ACM SIGPLAN Workshop on Haskell},
 series = {Haskell '05},
 year = {2005},
 isbn = {1-59593-071-X},
 location = {Tallinn, Estonia},
 pages = {49--61},
 numpages = {13},
 url = {http://doi.acm.org/10.1145/1088348.1088354},
 doi = {10.1145/1088348.1088354},
 acmid = {1088354},
 publisher = {ACM},
 address = {New York, NY, USA},
} 

@inproceedings{Marlow:2009,
 author = {Marlow, Simon and Peyton Jones, Simon and Singh, Satnam},
 title = {Runtime Support for Multicore Haskell},
 booktitle = {Proceedings of the 14th ACM SIGPLAN International Conference on Functional Programming},
 series = {ICFP '09},
 year = {2009},
 isbn = {978-1-60558-332-7},
 location = {Edinburgh, Scotland},
 pages = {65--78},
 numpages = {14},
 url = {http://doi.acm.org/10.1145/1596550.1596563},
 doi = {10.1145/1596550.1596563},
 acmid = {1596563},
 publisher = {ACM},
 address = {New York, NY, USA},
 keywords = {Haskell parallel runtime},
} 


@Inbook{Pointon:2001,
author="Pointon, R.F. and Trinder, P.W. and Loidl, H.-W.",
editor="Mohnen, Markus and Koopman, Pieter",
chapter="The Design and Implementation of Glasgow Distributed Haskell",
title="Implementation of Functional Languages: 12th International Workshop, 
       IFL 2000 Aachen, Germany, September 4--7, 2000 Selected Papers",
year="2001",
publisher="Springer Berlin Heidelberg",
address="Berlin, Heidelberg",
pages="53--70",
isbn="978-3-540-45361-1",
doi="10.1007/3-540-45361-X\_4",
url="http://dx.doi.org/10.1007/3-540-45361-X\_4"
}

@misc{key9,
OPTauthor = {},
OPTtitle = {{}},
OPThowpublished = "",
OPTurl = {http://www.lanl.gov},
OPTmonth = {},
OPTyear = {},
OPTnote = "[Online; accessed 27-March-1961]",
}

% An article from a journal or magazine. 
@article{key1,
author = {},
title = {{}},
journal = {},
year = {}, 

OPTvolume = {},
OPTnumber = {},
OPTpages = {},
OPTmonth = {},
OPTnote = {},
}

% A book with an explicit publisher. 
@book{key2,
authorOReditor = {},
title = {{}},
publisher = {},
year = {}, 

OPTvolumeORnumber = {},
OPTseries = {},
OPTaddress = {},
OPTedition = {},
OPTmonth = {},
OPTnote = {},
}

% A work that is printed and bound, but without a named publisher or sponsoring institution. 
@booklet{key3,
title = {{}}, 

OPTauthor = {},
OPThowpublished = {},
OPTaddress = {},
OPTmonth = {},
OPTyear = {},
OPTnote = {},
}

% A part of a book, which may be a chapter (or section or whatever) and/or a range of pages. 
@inbook{key4,
authorOReditor = {},
title = {{}},
chapterANDORpages = {},
publisher = {},
year = {}, 

OPTvolumeORnumber = {},
OPTseries = {},
OPTtype = {},
OPTaddress = {},
OPTedition = {},
OPTmonth = {},
OPTnote = {},
}

% A part of a book having its own title. 
@incollection{key5,
author = {},
title = {{}},
booktitle = {{}},
publisher = {},
year = {}, 

OPTeditor = {},
OPTvolumeORnumber = {},
OPTseries = {},
OPTtype = {},
OPTchapter = {},
OPTpages = {},
OPTaddress = {},
OPTedition = {},
OPTmonth = {},
OPTnote = {},
}

% An article in a conference proceedings. 
% INPROCEEDINGS same as CONFERENCE
@conference{key6,
author = {},
title = {{}},
booktitle = {{}},
year = {}, 

OPTeditor = {},
OPTvolumeORnumber = {},
OPTseries = {},
OPTpages = {},
OPTaddress = {},
OPTmonth = {},
OPTorganization = {},
OPTpublisher = {},
OPTnote = {},
}

% Technical documentation. 
@manual{key7,
title = {{}}, 

OPTauthor = {},
OPTorganization = {},
OPTaddress = {},
OPTedition = {},
OPTmonth = {},
OPTyear = {},
OPTnote = {},
}

% A Master's thesis. 
@mastersthesis{key8,
author = {},
title = {{}},
school = {},
year = {}, 

OPTtype = {},
OPTaddress = {},
OPTmonth = {},
OPTnote = {},
}

% A PhD thesis. 
@phdthesis{key10,
author = {},
title = {{}},
school = {},
year = {}, 

OPTtype = {},
OPTaddress = {},
OPTmonth = {},
OPTnote = {},
}

% The proceedings of a conference. 
@proceedings{key11,
title = {{}},
year = {}, 

OPTeditor = {},
OPTvolumeORnumber = {},
OPTseries = {},
OPTaddress = {},
OPTmonth = {},
OPTorganization = {},
OPTpublisher = {},
OPTnote = {},
}

% A report published by a school or other institution, usually numbered within a series. 
@techreport{key12,
author = {},
title = {{}},
institution = {},
year = {}, 

OPTtype = {},
OPTnumber = {},
OPTaddress = {},
OPTmonth = {},
OPTnote = {},
}

% A document having an author and title, but not formally published. 
@unpublished{key13,
author = {},
title = {{}},
note = {}, 

OPTmonth = {},
OPTyear = {},
}





